@book{montielrosbook,
  title={Curves and Surfaces},
  author={Sebastián Montiel and Antonio Ros},
  year={1998},
  publisher={American Mathematical Society}
}

@mastersthesis{mastermedinapozo,
  title={El problema isoperimétrico en el espacio euclídeo},
  author={María de los Ángeles Medina Pozo},
  school={Universidad de Granada},
  year={2015}
}

@book{geometricinequalities,
  title={Geometric Inequalities},
  author={Yu. D. Burago and V.A. Zalgaller},
  year={1988},
  publisher={Springer-Verlag}
}

@article{fuzzysetszadeh,
title = "Fuzzy sets",
journal = "Information and Control",
volume = "8",
number = "3",
pages = "338 - 353",
year = "1965",
issn = "0019-9958",
doi = "https://doi.org/10.1016/S0019-9958(65)90241-X",
url = "http://www.sciencedirect.com/science/article/pii/S001999586590241X",
author = "L.A. Zadeh"
}

@article{fuzzynumberszadeh,
title = "Fuzzy numbers",
journal = "Journal of Mathematical Analysis and Applications",
volume = "92",
number = "2",
pages = "301 - 341",
year = "1983",
issn = "0022-247X",
doi = "https://doi.org/10.1016/0022-247X(83)90253-6",
url = "http://www.sciencedirect.com/science/article/pii/0022247X83902536",
author = "J.G Dijkman and H van Haeringen and S.J de Lange"
}

@article{wenteproof,
  title={A note on the stability theorem of J.L. Barbosa and M.Do Carmo for closed surfaces of constant mean curvature},
  author={Henry Wente},
  year={1991},
  journal={Pacific Journal of Mathematics},
  volume={147},
  pages={375--379},
}

@techreport{paperchicago,
  title={THE JORDAN-BROUWER SEPARATION THEOREM},
  author={Wolfgang Schmaltz},
  url={http://www.math.uchicago.edu/~may/VIGRE/VIGRE2009/REUPapers/Schmaltz.pdf},
  institution={Universidad de Chicago},
  year={2009}
}

@mastersthesis{chalmerthesis,
  title={Investigating storage solutions for large data.},
  author={Adam Lith and Jakob Mattsson},
  url={http://publications.lib.chalmers.se/records/fulltext/123839.pdf},
  school={Chalmers University of Technology},
  year={2010},
  month={6},
  address={Göteborg, Sweden}
}

@misc{strozzidb,
  title={NoSQL. A Relational Database Management System},
  author={Carlo Strozzi},
  howpublished={\url{http://www.strozzi.it/cgi-bin/CSA/tw7/I/en_US/nosql/Home\%20Page}},
  year={1998},
}

@techreport{captheorem,
  title={Brewer’s CAP Theorem},
  author={Salomé Simon},
  url={https://fenix.tecnico.ulisboa.pt/downloadFile/1126518382178117/10.e-CAP-3.pdf},
  institution={Universidad de Basel},
  year={2012}
}

@misc{mongoclassification,
  title={NoSQL. A Relational Database Management System},
  author={Carlo Strozzi},
  howpublished={\url{http://www.strozzi.it/cgi-bin/CSA/tw7/I/en_US/nosql/Home\%20Page}},
  year={1998},
}

@misc{nosqlcomparativas,
  author={Kristof Kovac},
  title={Cassandra vs MongoDB vs CouchDB vs Redis vs Riak vs HBase vs Couchbase vs OrientDB vs Aerospike vs Neo4j vs Hypertable vs ElasticSearch vs Accumulo vs VoltDB vs Scalaris vs RethinkDB comparison},
  howpublished={\url{https://kkovacs.eu/cassandra-vs-mongodb-vs-couchdb-vs-redis}}
}

@misc{mongodb,
  author={Mongo Inc},
  title={MongoDB},
  howpublished={\url{https://www.mongodb.com}}
}

@misc{bsonspec,
  title={BSON Specification},
  howpublished={\url{http://bsonspec.org/}}
}

@article{fuzzyquerygraph,
author={O. Pivert and G. Smits and V. Thion}, 
booktitle={2015 IEEE International Conference on Fuzzy Systems (FUZZ-IEEE)}, 
title={Expression and efficient processing of fuzzy queries in a graph database context}, 
year={2015}, 
pages={1-8}, 
doi={10.1109/FUZZ-IEEE.2015.7337849},
month={8}
}

@article{fuzzyquerygraph2,
  title={Extracting fuzzy summaries from NoSQL Graph Databases},
  author={Arnaud Castelltort and Anne Laurent},
  journal={Advances in Intelligent Systems and Computing},
  year={2015},
  volume={400},
  pages={189-200}
}

@article{fuzzyquerygraph3,
author = {Castelltort, Arnaud and Laurent, Anne},
year = {2014},
month = {07},
pages = {384-395},
title = {Fuzzy Queries over NoSQL Graph Databases: Perspectives for Extending the Cypher Language},
volume = {444},
booktitle = {Communications in Computer and Information Science}
}

@article{fuzzyqueryhbase,
  title={Modeling Fuzzy Relational Data in HBase},
  author={Jian Liu and X.X, Zhang},
  journal={Journal of Intelligent and Fuzzy Systems},
  year={2016},
  volume={31},
  number={3},
  pages={1845-1857}
}

@article{fuzzyquerymongo,
  title={Towards Fuzzy Querying of NoSQL Document-oriented Databases},
  author={Belhadj Kacem Abir and Grissa Touzi Amel},
  journal={DBKDA},
  year={2015},
  month={5},
  pages={153-158}
}

@phdthesis{tesismedina,
  title={Bases de datos relaciones difusas: Modelo teórico y aspectos de su implementación},
  author={Juan Miguel Medina Rodríguez},
  school={Universidad de Granada},
  year={1994},
  month={5}
}

@article{fuzzynotion,
author = {CHAKRABARTY, KANKANA},
title = {NOTION OF FUZZY IC-BAGS},
journal = {International Journal of Uncertainty, Fuzziness and Knowledge-Based Systems},
volume = {12},
number = {03},
pages = {327-345},
year = {2004},
doi = {10.1142/S0218488504002850},
url = {https://www.worldscientific.com/doi/abs/10.1142/S0218488504002850},
eprint = {https://www.worldscientific.com/doi/pdf/10.1142/S0218488504002850}
}

@phdthesis{tesisbarranco,
  title={Bases de datos Objeto-relaciones difusas: Modelo, arquitectura y aplicaciones.},
  author={Carlos D. Barranco González},
  school={Universidad de Granada},
  year={2009},
  month={9}
}

@phdthesis{tesispepe,
  title={Tratamiento de la imprecisión en bases de datos relacionales: Extensión del modelo y adaptación de los SGBD actuales.},
  author={José Galindo Gómez},
  school={Universidad de Granada},
  year={1999}
}

@article{codd,
author = {F. Codd, E},
year = {1979},
month = {12},
pages = {397-434},
title = {Extending the Relational Model to Capture More Meaning},
volume = {4},
booktitle = {ACM Trans. Database Syst.}
}

@article{codd1,
author = {F. Codd, E},
year = {1986},
month = {12},
pages = {53-78},
title = {Missing Information (Applicable and Inapplicable) in Relational Databases.},
volume = {15},
booktitle = {SIGMOD Record}
}

@article{codd2,
  title={More comentary on missing information in relational databases.},
  author={E. Codd},
  year={1987},
  journal={ACM SIGMOD Record},
  volume={16},
  number={1},
  pages={42-50}
}

@book{codd3,
  title={Relational model for database management, version 2},
  author={E. Codd},
  year={1990},
  publisher={Addison-Wesley}
}

@article{date,
  title={Null values in database management},
  author={C. Date},
  year={1986},
  journal={Relational Database: Selected writings}
}

@article{grant,
  title={Incomplete information in a relational database},
  author={J. Grant},
  year={1980},
  journal={Fundamental Informatic},
  volume={3},
  pages={363-378}
}

@article{wong,
  title={A statistical approach to incomplete information in database systems},
  author={E. Wong},
  year={1982},
  month={9},
  journal={ACM Transactions on database systems},
  volume={7},
  number={3},
  pages={470-488}
}

@article{dbprobabilistic,
  title={The managment of probabilistic data},
  author={D. Barbara, H. Garcia-Molina and D. Porter},
  year={1992},
  month={10},
  journal={IEEE Transactions on Knowledge and Data Engineering},
  volume={4},
  number={5},
  pages={487-502}
}

@article{buckles,
title = "A fuzzy representation of data for relational databases",
journal = "Fuzzy Sets and Systems",
volume = "7",
number = "3",
pages = "213 - 226",
year = "1982",
issn = "0165-0114",
doi = "https://doi.org/10.1016/0165-0114(82)90052-5",
url = "http://www.sciencedirect.com/science/article/pii/0165011482900525",
author = "Billy P Buckles and Frederick E Petry",
keywords = "Fuzzy sets, Relational databases, fuzzy relational databases, Similarity relations, Similarity threshold"
}

@article{buckles2,
title = "Fuzzy Information and Decision Processes",
journal = "IFAC Proceedings Volumes",
volume = "15",
number = "1",
pages = "409 - 411",
year = "1982",
note = "IFAC Symposium on Theory and Application of Digital Control, New Dehli, India, 5-7 January",
issn = "1474-6670",
doi = "https://doi.org/10.1016/S1474-6670(17)63380-9",
url = "http://www.sciencedirect.com/science/article/pii/S1474667017633809",
author = "M.M. Gupta",
keywords = "Fuzzy Set Theory, Possibility Theory, Information Processing, Decision Processes"
}

@article{buckles3,
title = "A domain calculus for fuzzy relational databases",
journal = "Fuzzy Sets and Systems",
volume = "29",
number = "3",
pages = "327 - 340",
year = "1989",
issn = "0165-0114",
doi = "https://doi.org/10.1016/0165-0114(89)90044-4",
url = "http://www.sciencedirect.com/science/article/pii/0165011489900444",
author = "Billy P Buckles and Frederick E Petry and Harvinder S Sachar",
keywords = "Fuzzy relational databases, relational calculus, relational algebra, query languages, relational completeness"
}

@article{prade,
  title={Lipski's approach to incomplete information databases restated and generalized in the setting of Zadeh's possibility theory},
  author={Henri Prade},
  journal={Inf. Syst.},
  year={1984},
  volume={9},
  pages={27-42}
}

@article{prade2,
  title={Generalizing database relational algebra for the treatment of incomplete or uncertain information and vague queries},
  journal={Information Sciences},
  volume={34},
  number={2},
  pages={115 - 143},
  year={1984},
  issn={0020-0255},
  doi={https://doi.org/10.1016/0020-0255(84)90020-3},
  url={http://www.sciencedirect.com/science/article/pii/0020025584900203},
  author={Henri Prade and Claudette Testemale}
}

@article{prade3,
  title={Analysis of Fuzzy Information},
  author={James C. Bezdek},
  year={1987},
  journal={ International Fuzzy Systems Association},
  volume={3}
}

@article{prade4,
  title={Fuzzy relational databases: Representational issues and reduction using similarity measures},
  author={H. Prade and C. Testemale},
  year={1987},
  journal={Journal of american society for information sciences and technology},
  volume={38},
  pages={118-126},
  number={2}
}

@article{fukami,
  title={Fuzzy databases retrieval and manipulation language},
  author={S. Fukami, M. Umano, M. Mizimoto and H. Tanaka},
  year={1979},
  journal={IEICE Technical reports},
  volume={78},
  pages={66-72},
  number={233}
}

@article{fukami2,
  title={FREEDOM-0: A FUZZY DATABASE SYSTEM},
  author={Motohide Umano},
  year={1993},
  booktitle={Readings in Fuzzy Sets for Intelligent Systems},
  editor={Dubois, Didier and , and Prade, Henri  and Yager, Ronald R.},
  publisher={Morgan Kaufmann},
  pages={667-675},
  isbn={978-1-4832-1450-4},
  doi={https://doi.org/10.1016/B978-1-4832-1450-4.50072-9},
  url={https://www.sciencedirect.com/science/article/pii/B9781483214504500729}
}

@article{fukami3,
  title={Fuzzy relational algebra for possibility distribution-fuzzy-relational model of fuzzy data},
  author={M. Umano and S. Fukami},
  year={1994},
  journal={Journal of Intelligent Information Systems},
  volume={3},
  number={1},
  pages={7-27}
}

@article{fukami4,
  title={Retrieval processing from fuzzy databases},
  author={S. Fukami, M. Umano, M. Mizimoto and H. Tanaka},
  year={1980},
  journal={Preprints of Working Group of IEICE of Japan},
  volume={80},
  number={204},
  pages={45-54}
}

@article{zemankova,
  title={Fuzzy relational databases: A key to expert systems},
  author={M. Zemankova and A. Kandel},
  year={1984},
  journal={TÜV Rheinland}
}

@article{zemankova2,
  title={Implementing imprecision in information systems},
  author={Maria Zemankova and Abraham Kandel},
  year={1985},
  journal={Information Sciences},
  volume={37},
  pages={107-141},
  number={1},
  issn={0020-0255},
  doi={https://doi.org/10.1016/0020-0255(85)90008-8},
  url={http://www.sciencedirect.com/science/article/pii/0020025585900088}
}

@article{gefred,
  title={GEFRED. A generalized model of fuzzy relational databases},
  author={J. Medina, O. Pons and M. Vila},
  year={1994},
  journal={Information Sciences},
  volume={76},
  pages={87-109}
}

@article{indexingstrategies,
  title={Evaluation of indexing strategies for possibilistic queries based on indexing techniques available in traditional RDBMS},
  author={Juan Miguel Medina, Carlos D. Barranco and Olga Pons},
  year={2016},
  month={12},
  pages={1135-1165},
  journal={Journal of Intelligent Systems}
}

@article{indexingneccesary,
  title={Indexing techniques to improve the performance of necessity-based fuzzy queries using classical indexing of RDBMS},
  author={Juan Miguel Medina, Carlos D. Barranco and Olga Pons},
  year={2017},
  month={09},
  journal={Fuzzy Sets and Systems},
  note={\url{https://doi.org/10.1016/j.fss.2017.09.008}}
}
